% Encoding: UTF-8

@InProceedings{bertin2019birndl,
  author       = {Bertin, Marc and Jonin, Pierre and Armetta, Fr{\'e}d{\'e}ric and Atanassova, Iana},
  title        = {{Identifying the Conceptual Space of Citation Contexts using Coreferences}},
  booktitle    = {{4\textsuperscript{th} Joint Workshop on Bibliometric-enhanced Information Retrieval and Natural Language Processing for Digital Libraries (BIRNDL 2019) at the 42\textsuperscript{nd} International ACM SIGIR Conference on Research and Development in Information Retrieval}},
  year         = {2019},
  editor       = {Muthu Kumar Chandrasekaran and Mayr, Philipp},
  volume       = {Vol-2414},
  organization = {{SIGIR: Special Interest Group on Information Retrieval}},
  publisher    = {{CEUR-WS.org}},
  month        = {7},
  pages        = {138--144},
  url          = {https://hal.archives-ouvertes.fr/hal-02271586},
  address      = {Paris, France},
  file         = {paper15.pdf:https\://hal.archives-ouvertes.fr/hal-02271586/file/paper15.pdf:PDF},
  hal_id       = {hal-02271586},
  hal_version  = {v1},
  keywords     = {Deep learning ; Citation contexts ; Coreference Resolution},
}

@InProceedings{bertin2019ISSI,
  author       = {Bertin, Marc and Jonin, Pierre and Armetta, Frederic and Atanassova, Iana},
  title        = {Determining Citation Blocks using End-to-end Neural Coreference Resolution Model},
  booktitle    = {17\textsuperscript{th} International Conference of the International Society for Scientometrics and Informetrics},
  year         = {2019},
  organization = {{The International Society for Informetrics and Scientometrics (ISSI)}},
  month        = {9},
  url          = {https://hal.archives-ouvertes.fr/hal-01953961},
  address      = {Rome, Italie},
  hal_id       = {hal-01953961},
  hal_version  = {v1},
}

@Article{atanassova2019i2D,
  author  = {Atanassova, Iana and Bertin, Marc and Le Béchec, Mariannig},
  title   = {Sécuriser le traitement des traces numériques dans le cadre du Règlement général sur la protection des données (RGPD) : anonymisation et pseudonymisation},
  journal = {I2D – Information, données \& documents},
  year    = {2019},
  pages   = {55--58},
  issn    = {2428-2111},
  url     = {https://www.cairn.info/revue-i2d-information-donnees-et-documents-2019-1-page-55.htm},
}

@Article{atanassova2019frontiers,
  author   = {Atanassova, Iana and Bertin, Marc and Mayr, Philipp},
  title    = {Editorial: Mining Scientific Papers: NLP-enhanced Bibliometrics},
  journal  = {Frontiers in Research Metrics and Analytics},
  year     = {2019},
  date     = {2019-04-30},
  editor   = {Chaomei Chen},
  volume   = {4},
  pages    = {2},
  issn     = {2504-0537},
  doi      = {10.3389/frma.2019.00002},
  keywords = {Data mining ; Text Mining ; Semantic publishing ; Scientific papers ; Bibliometrics ; Scientometrics ; Natural Language Processing ; Computational Linguistics ; Citation Content Analysis ; Academic Search},
}

@InProceedings{periercamby2019bir,
  author      = {Perier-Camby, Julien and Bertin, Marc and Atanassova, Iana and Armetta, Fr{\'e}d{\'e}ric},
  title       = {{A preliminary study to compare deep learning with rule-based approaches for citation classification}},
  booktitle   = {{8\textsuperscript{th} International Workshop on Bibliometric-enhanced Information Retrieval (BIR) co-located with the 41\textsuperscript{st} European Conference on Information Retrieval (ECIR 2019)}},
  year        = {2019},
  volume      = {2345},
  month       = {4},
  pages       = {125--131},
  url         = {https://hal.archives-ouvertes.fr/hal-02098831},
  address     = {Cologne, Germany},
  file        = {paper11.pdf:https\://hal.archives-ouvertes.fr/hal-02098831/file/paper11.pdf:PDF},
  hal_id      = {hal-02098831},
  hal_version = {v1},
}

%-------2018-------

@InProceedings{bertin2018recommending,
  author      = {Bertin, Marc and Atanassova, Iana},
  title       = {{Recommending Scientific Papers: The Role of Citation Contexts}},
  booktitle   = {{1\textsuperscript{st} International Conference on Digital Tools \& Uses Congress}},
  year        = {2018},
  publisher   = {{ACM}},
  month       = {10},
  pages       = {1--4},
  doi         = {10.1145/3240117.3240123},
  url         = {https://hal.archives-ouvertes.fr/hal-01950952},
  address     = {Paris, France},
  hal_id      = {hal-01950952},
  hal_version = {v1},
  keywords    = {Information Retrieval ; Natural Language Processing ; Recommender Systems ; Scientific Papers ; Citation Context Analysis ; Bibliometrics},
}

@InProceedings{rey2018toth,
  author      = {Rey, Fran{\c c}ois C. and Bertin, Marc and Atanassova, Iana},
  title       = {{Une {\'e}tude de l'incertitude dans les textes scientifiques : vers la construction d'une ontologie}},
  booktitle   = {{TOTh 2018 Terminology \& Ontology: Theories and applications}},
  year        = {2018},
  month       = {6},
  url         = {https://hal.archives-ouvertes.fr/hal-01755245},
  address     = {Chamb{\'e}ry, France},
  hal_id      = {hal-01755245},
  hal_version = {v1},
}

@InProceedings{atanassova2018wosp,
  author      = {Atanassova, Iana and Rey, Fran{\c c}ois Claude and Bertin, Marc},
  title       = {{Studying Uncertainty in Science: a distributional analysis through the IMRaD structure}},
  booktitle   = {{7\textsuperscript{th} International Workshop on Mining Scientific Publications (WOSP) at 11\textsuperscript{th} edition of the Language Resources and Evaluation Conference (LREC2018)}},
  year        = {2018},
  month       = {5},
  url         = {https://hal.archives-ouvertes.fr/hal-01940294},
  address     = {Miyazaki, Japan},
  file        = {10_W24.pdf:https\://hal.archives-ouvertes.fr/hal-01940294/file/10_W24.pdf:PDF},
  hal_id      = {hal-01940294},
  hal_version = {v1},
}

@InProceedings{bertin2018interec,
  author      = {Bertin, Marc and Atanassova, Iana},
  title       = {{InTeReC: In-text Reference Corpus for Applying Natural Language Processing to Bibliometrics}},
  booktitle   = {{7\textsuperscript{th} International Workshop on Bibliometric-enhanced Information Retrieval (BIR 2018) in conjunction with the 40\textsuperscript{th} European Conference on Information Retrieval (ECIR)}},
  year        = {2018},
  month       = {3},
  url         = {https://hal.archives-ouvertes.fr/hal-01742178},
  address     = {Grenoble, France},
  hal_id      = {hal-01742178},
  hal_version = {v1},
}

@InProceedings{2018-ESHS-boukacemzeghmouri,
	author      = {Boukacem-Zeghmouri, Ch{\'e}rifa and Bertin, Marc and Cabanac, Guillaume},
	title       = {{``Agence Nationale de la Recherche - ANR'' French National Funding Agency Thematic variations and auctorial foresights}},
	booktitle   = {{European Society for the History of Science Biennial Conference 2018 in conjunction with the British Society for the History of Science}},
	year        = {2018},
	month       = {9},
	url         = {https://hal.archives-ouvertes.fr/hal-01940319},
	address     = {London, United Kingdom},
	hal_id      = {hal-01940319},
	hal_version = {v1},
}



%-------2017-------

@Article{bertin2017IJDL,
  author   = {Bertin, Marc and Atanassova, Iana},
  title    = {The context of multiple in-text references and their signification},
  journal  = {International Journal on Digital Libraries},
  year     = {2017},
  month    = {7},
  issn     = {1432-1300},
  doi      = {10.1007/s00799-017-0225-7},
  abstract = {In this paper, we consider sentences that contain multiple in-text references (MIR) and their position in the rhetorical structure of articles. We carry out the analysis of MIR in a large-scale dataset of about 80,000 research articles published by the Public Library of Science in 7 journals. We analyze two major characteristics of MIR: their positions in the IMRaD structure of articles and the number of in-text references that make up a MIR in the different journals. We show that MIR are rather frequent in all sections of the rhetorical structure. In the Introduction section, sentences containing MIR account for more than half of the sentences with references. We examine the syntactic patterns that are most used in the contexts of both multiple and single in-text references and show that they are composed, for the most part, of noun groups. We point out the specificity of the Methods section in this respect.},
  day      = {21},
}

@InProceedings{bertin2017CLBib,
  author      = {Atanassova, Iana and Bertin, Marc and Mayr, Philipp},
  title       = {{Editorial for the Second Workshop on Mining Scientific Papers: Computational Linguistics and Bibliometrics (CLBib2017)}},
  booktitle   = {{Second Workshop on Mining Scientific Papers: Computational Linguistics and Bibliometrics co-located with 16\textsuperscript{th} International Conference of the International Society for Scientometrics and Informetrics (ISSI2017)}},
  year        = {2017},
  month       = {10},
  url         = {https://hal.archives-ouvertes.fr/hal-01885343},
  address     = {Wuhan, China},
  file        = {editorial-clbib2017.pdf:https\://hal.archives-ouvertes.fr/hal-01885343/file/editorial-clbib2017.pdf:PDF},
  hal_id      = {hal-01885343},
  hal_version = {v1},
}

@InProceedings{bertin2017birndl,
  author      = {Bertin, Marc and Atanassova, Iana},
  title       = {{K-means and Hierarchical Clustering Method to Improve our Understanding of Citation Contexts}},
  booktitle   = {{Proceedings of the 2\textsuperscript{nd} Joint Workshop on Bibliometric-enhanced Information Retrieval and Natural Language Processing for Digital Libraries (BIRNDL 2017) co-located with the 40\textsuperscript{th} International ACM SIGIR Conference on Research and Development in Information Retrieval (SIGIR 2017)}},
  year        = {2017},
  volume      = {1888},
  series      = {CEUR Workshop Proceedings},
  month       = {8},
  pages       = {107--112},
  url         = {https://hal.archives-ouvertes.fr/hal-01940760},
  address     = {Tokyo, Japan},
  hal_id      = {hal-01940760},
  hal_version = {v1},
  keywords    = {In-text References ; Bibliometrics ; Citation Analysis ; IM- RaD Structure ; Text Mining ; K-means ; hierarchical clustering},
}

%-------2016-------

@Article{atanassova2016JODabstract,
  author    = {Atanassova, Iana and Bertin, Marc},
  title     = {On the composition of scientific abstracts},
  journal   = {Journal of Documentation},
  year      = {2016},
  volume    = {72},
  number    = {4},
  pages     = {636--647},
  issn      = {0022-0418},
  doi       = {10.1108/JDOC-09-2015-0111},
  owner     = {yoda},
  timestamp = {2016.01.25},
}

@Article{atanassova2016dlibtemporal,
  author    = {Atanassova, Iana and Bertin, Marc},
  title     = {Temporal Properties of Recurring In-text References},
  journal   = {D-Lib Magazine},
  year      = {2016},
  volume    = {9/10},
  number    = {22},
  issn      = {1082-9873},
  doi       = {10.1045/september2016-atanassova},
  owner     = {yoda},
  timestamp = {2016.12.17},
}

@Article{bertin2016jasist,
  author    = {Bertin, Marc and Atanassova, Iana and Larivière, Vincent and Gingras, Yves},
  title     = {The Invariant Distribution of References in Scientific Articles},
  journal   = {Journal of the Association for Information Science and Technology (JASIST)},
  year      = {2016},
  issn      = {2330-1643},
  doi       = {10.1002/asi.23367},
  abstract  = {The organization of scientific papers typically follows a standardized pattern, the well-known IMRaD structure (Introduction, Methods, Results, and Discussion). Using the full text of 45,000 papers published in the PLoS series of journals as a case study, this paper investigates, from the viewpoint of bibliometrics, how references are distributed along the structure of scientific papers, as well as the age of these cited references. It shows that, once the sections of articles are realigned to follow the IMRaD sequence, the position of cited references along the text of articles is invariant across all PLoS journals, with the introduction and conclusion accounting for most of the references. It also provides evidence that the age of cited references varies quite a lot by section, with older references being found in the methods and more recent ones in the discussion. On the whole, these results provide insight into the different roles citations have in the scholarly communication process.},
  owner     = {yoda},
  timestamp = {2014.08.08},
}

@Article{bertin2016scientometricsngrams,
  author    = {Bertin, Marc and Atanassova, Iana and Sugimoto, Cassidy R. and Lariviere, Vincent},
  title     = {The Linguistic Patterns and Rhetorical Structure of Citation Context: an approach using n-grams.},
  journal   = {Scientometrics},
  year      = {2016},
  volume    = {3},
  number    = {109},
  pages     = {1417--1434},
  issn      = {0138-9130},
  doi       = {10.1007/s11192-016-2134-8},
  owner     = {yoda},
  timestamp = {2015.12.14},
}

@InProceedings{atanassova2016HrTAL,
  author      = {Atanassova, Iana and Bertin, Marc and Cardey, Sylviane and Greenfield, Peter},
  title       = {{Interfacing the Domain of Global Security with Natural Language Processing: the Role of Language Modelling}},
  booktitle   = {{The Tenth International Conference on Natural Language Processing (HrTAL2016)}},
  year        = {2016},
  volume      = {42},
  series      = {Suvremena lingvistika},
  number      = {82},
  month       = {9},
  pages       = {249--252},
  url         = {https://hal.archives-ouvertes.fr/hal-01954609},
  address     = {Dubrovnik, Croatia},
  hal_id      = {hal-01954609},
  hal_version = {v1},
}

@InProceedings{bertin2016birndlmultiple,
  author      = {Bertin, Marc and Atanassova, Iana},
  title       = {{Multiple In-text Reference Phenomenon}},
  booktitle   = {{Workshop on Bibliometric-enhanced Information Retrieval and NLP for Digital Libraries (BIRNDL2016) co-located with the Joint Conference on Digital Libraries 2016 (JCDL)}},
  year        = {2016},
  volume      = {19},
  number      = {2-3},
  month       = {6},
  pages       = {14--22},
  url         = {https://hal.archives-ouvertes.fr/hal-01885074},
  address     = {Newark, NJ, United States},
  file        = {paper2.pdf:https\://hal.archives-ouvertes.fr/hal-01885074/file/paper2.pdf:PDF},
  hal_id      = {hal-01885074},
  hal_version = {v1},
  keywords    = {Multiple In-text References ; Citation Analysis ; Bibliometrics ; Content Citation Analysis ; IMRaD structure ; In-text References},
}

@InProceedings{bertin2016bir,
  author      = {Bertin, Marc and Atanassova, Iana},
  title       = {{Weak Links and Strong Meaning: The Complex Phenomenon of Negational Citations}},
  booktitle   = {{Bibliometric-enhanced Information Retrieval (BIR 2016) co-located with the 38\textsuperscript{th} European Conference on Information Retrieval (ECIR 2016)}},
  year        = {2016},
  editor      = {Mayr, Philipp and Ingo Frommholz and Guillaume Cabanac},
  volume      = {Vol-1567},
  publisher   = {{CEUR Workshop Proceedings (CEUR-WS.org)}},
  month       = {3},
  pages       = {14--25},
  url         = {https://hal.archives-ouvertes.fr/hal-01953868},
  address     = {Padova, Italy},
  hal_id      = {hal-01953868},
  hal_version = {v1},
  keywords    = {Citation Context Analysis In-text References ; Bibliometrics ; Semantic Annotation ; IMRaD ; Negative Citations},
}

%-------2015-------

@Article{bertin2015asist,
  author  = {Bertin, Marc and Atanassova, Iana and Vincent Larivière and Gingras, Yves},
  title   = {{Mapping the Linguistic Context of Citations}},
  journal = {{Bulletin of the Association for Information Science and Technology (ASIST) Featuring the “The Future of Science Mapping”}},
  year    = {2015},
  volume  = {41},
  number  = {2},
  month   = {1},
  issn    = {2373-9223},
  doi     = {10.1002/bult.2015.1720410208},
}

@Article{bertin2015acfascarto,
  author    = {Bertin, Marc and Atanassova, Iana and Larivière, Vincent and Gingras, Yves},
  title     = {Cartographie linguistique des références citées},
  journal   = {Découvrir, le magazine de l'Association Francophone pour le savoir (ACFAS)},
  year      = {2015},
  url       = {https://www.acfas.ca/publications/decouvrir/2015/03/cartographie-linguistique-references-citees},
  owner     = {yoda},
  timestamp = {2016.03.17},
}

@InProceedings{2015-ISSI-bertin,
  author      = {Bertin, Marc and Atanassova, Iana},
  title       = {{Characterizing In-text Citations using N-gram Distributions}},
  booktitle   = {{15\textsuperscript{th} International Conference of the International Society for Scientometrics and Informetrics (ISSI2015)}},
  year        = {2015},
  editor      = {Albert Ali Salah and Yasar Tonta and Alkim Almila Akdag Salah and Cassidy R. Sugimoto and Umut Al},
  month       = {6},
  url         = {https://hal.archives-ouvertes.fr/hal-01953961},
  address     = {Istanbul, Turkey},
  hal_id      = {hal-01953961},
  hal_version = {v1},
}

@InProceedings{2015-ISSI-atanassova-survey,
	author      = {Atanassova, Iana and Bertin, Marc and Mayr, Philipp},
	title       = {{Mining Scientific Papers for Bibliometrics: a (very) Brief Survey of Methods and Tools}},
	booktitle   = {{15\textsuperscript{th} International Society of Scientometrics and Informetrics Conference (ISSI)}},
	year        = {2015},
	month       = {6},
	url         = {https://hal.archives-ouvertes.fr/hal-01940828},
	address     = {Istanbul, Turkey},
	hal_id      = {hal-01940828},
	hal_version = {v1},
}

@InProceedings{bertin2015acfas,
  author       = {Bertin, Marc and Warren, Jean-Philippe},
  title        = {Valorisation du fonds documentaire numérique pour la recherche},
  booktitle    = {83\textsuperscript{e} Congrès de l'Association francophone pour le savoir - Acfas},
  year         = {2015},
  organization = {{Association francophone pour le savoir (Acfas)}},
  month        = {5},
  address      = {l'Université du Québec, Rimouski, Québec, Canada},
  url          = {https://www.acfas.ca/evenements/congres/programme/83/400/427/c}
}

@InProceedings{2015-BIR-bertin-afc,
  author      = {Bertin, Marc and Atanassova, Iana},
  title       = {{Factorial correspondence analysis applied to citation contexts}},
  booktitle   = {{Conference: 2\textsuperscript{nd} International Workshop on Bibliometric-enhanced Information Retrieval (BIR2015) at the 37\textsuperscript{th} European Conference on Information Retrieval (ECIR-2015)}},
  year        = {2015},
  volume      = {1344},
  month       = {3},
  pages       = {22--29},
  url         = {https://hal.archives-ouvertes.fr/hal-01940804},
  address     = {Vienne, Austria},
  hal_id      = {hal-01940804},
  hal_version = {v1},
}

@InProceedings{atanassova2015GAST,
  author       = {Atanassova, Iana and Bertin, Marc and Kauppinen, Tomi},
  title        = {{Exploitation de donn{\'e}es spatiales provenant d'articles scientifiques pour le suivi des maladies tropicales}},
  booktitle    = {{Gestion et Analyse des donn{\'e}es Spatiales et Temporelles (GAST'2015), 15{\`e}me conf{\'e}rence internationale sur l'extraction et la gestion des connaissances (EGC-2015)}},
  year         = {2015},
  editor       = {Thomas Guyet and {\'E}ric Kergosien},
  organization = {{https://gt-gast.irisa.fr/gast-2015/}},
  month        = {1},
  pages        = {21--32},
  url          = {https://hal.archives-ouvertes.fr/hal-01953911},
  address      = {Luxembourg,},
  file         = {GAST2015-final-Atanassova.pdf:https\://hal.archives-ouvertes.fr/hal-01953911/file/GAST2015-final-Atanassova.pdf:PDF},
  hal_id       = {hal-01953911},
  hal_version  = {v1},
  keywords     = {Linked Data ; g{\'e}ocodage ; Natural Language Processing ; Spatio-temporal Management and Analysis ; Gestion et Analyse Spatio-temporelles ; Traitement Automatique du Langage Naturel ; PLOS ; geocoding ; Web des donn{\'e}es},
}

@InProceedings{2015-relire-atanassova,
	author      = {Atanassova, Iana and Warren, Jean-Philippe and Bertin, Marc},
	title       = {{Analyse logom{\'e}trique des revues qu{\'e}b{\'e}coises : traitements et visualisations}},
	booktitle   = {{Colloque: Relire les revues qu{\'e}b{\'e}coises : histoires, formes et pratiques}},
	year        = {2015},
	month       = {10},
	url         = {https://hal.archives-ouvertes.fr/hal-01954585},
	address     = {Montr{\'e}al, Canada},
	hal_id      = {hal-01954585},
	hal_version = {v1},
}

@InProceedings{2015-AAAS-bertin,
  author       = {Bertin, Marc and Atanassova, Iana and Larivi{\`e}re, Vincent and Gingras, Yves},
  title        = {{The Linguistic Context of Citations: a Cartography of the Structure of Scientific Papers}},
  booktitle    = {{American Association for the Advancement of Science (AAAS) Annual Meeting - Innovations, Information, and Imaging}},
  year         = {2015},
  organization = {{https://www.aaas.org/events/annual-meeting/2015}},
  month        = {2},
  url          = {https://hal.archives-ouvertes.fr/hal-01954569},
  address      = {San Jose, California, United States},
  hal_id       = {hal-01954569},
  hal_version  = {v1},
}

@InProceedings{atanassova2015clbib,
  author      = {Atanassova, Iana and Bertin, Marc and Mayr, Philipp},
  title       = {{Editorial for the First Workshop on Mining Scientific Papers: Computational Linguistics and Bibliometrics (CLBib2015)}},
  booktitle   = {{First Workshop on Mining Scientific Papers: Computational Linguistics and Bibliometrics co-located with 15\textsuperscript{th} International Conference of the International Society for Scientometrics and Informetrics (ISSI2015)}},
  year        = {2015},
  volume      = {Vol-1384},
  publisher   = {{CEUR Workshop Proceedings (CEUR-WS.org)}},
  month       = {6},
  pages       = {1--4},
  url         = {https://hal.archives-ouvertes.fr/hal-01953882},
  address     = {Istanbul, Turkey},
  hal_id      = {hal-01953882},
  hal_version = {v1},
}

@Conference{2015-postdoc-bertin,
	author    = {Bertin, Marc and Warren, Jean-Philippe},
	title     = {Le traitement automatique des langues au service des revues intellectuelles québécoises du début du XX\textsuperscript{e} siècle},
	booktitle = {2\textsuperscript{nd} Annual Montreal Postdoctoral Research Day},
	year      = {2015},
	eventdate = {2015-02-01},
	publisher = {Concordia, McGill, University of Montréal, INRS and ETS},
	location  = {Concordia University},
	month     = {2},
}

%-------2014-------

@InBook{atanassova2014sewebeval,
  author    = {Atanassova, Iana and Bertin, Marc},
  title     = {Semantic Web Evaluation Challenge: SemWebEval 2014 at ESWC 2014},
  booktitle = {Communications in Computer and Information Science},
  year      = {2014},
  editor    = {Valentina Presutti and Milan Stankovic and Erik Cambria and Iván Cantador and Angelo Di Iorio and Tommaso Di Noia and Christoph Lange and Diego Reforgiato Recupero and Anna Tordai},
  series    = {Communications in Computer and Information Science (Book 475)},
  publisher = {Springer},
  isbn      = {978-3-319-12024-9},
  chapter   = {Semantic Facets for Scientific Information Retrieval},
  pages     = {108--113},
  doi       = {10.1007/978-3-319-12024-9},
  abstract  = {We present an Information Retrieval System for scientific publications that provides the possibility to filter results according to semantic facets. We use sentence-level semantic annotations that identify specific semantic relations in texts, such as methods, definitions, hypotheses, that correspond to common information needs related to scientific literature. The semantic annotations are obtained using a rule-based method that identifies linguistic clues organized into a linguistic ontology. The system is implemented using Solr Search Server and offers efficient search and navigation in scientific papers.},
  address   = {Anissaras, Crete, Greece},
  keywords  = {chapter},
  month     = {5},
}

@InBook{bertin2014springersempub6,
  author    = {Bertin, Marc and Atanassova, Iana},
  title     = {Semantic Web Evaluation Challenge: SemWebEval 2014 at ESWC 2014},
  booktitle = {Communications in Computer and Information Science},
  year      = {2014},
  editor    = {Valentina Presutti and Milan Stankovic and Erik Cambria and Iván Cantador and Angelo Di Iorio and Tommaso Di Noia and Christoph Lange and Diego Reforgiato Recupero and Anna Tordai},
  series    = {Communications in Computer and Information Science (Book 475)},
  publisher = {Springer},
  isbn      = {978-3-319-12024-9},
  chapter   = {Extraction and Characterization of Citations in Scientific Papers},
  pages     = {120--128},
  doi       = {10.1007/978-3-319-12024-9},
  abstract  = {We present an Information Retrieval System for scientific publications that provides the possibility to filter results according to semantic facets. We use sentence-level semantic annotations that identify specific semantic relations in texts, such as methods, definitions, hypotheses, that correspond to common information needs related to scientific literature. The semantic annotations are obtained using a rule-based method that identifies linguistic clues organized into a linguistic ontology. The system is implemented using Solr Search Server and offers efficient search and navigation in scientific papers.},
  address   = {Anissaras, Crete, Greece},
  keywords  = {chapter},
  month     = {5},
  owner     = {yoda},
  timestamp = {2014.08.08},
}

@InProceedings{2014-medes-bertin,
  author      = {Bertin, Marc},
  title       = {{Scientific Monitoring by Mining Scientific Papers}},
  booktitle   = {{The 6\textsuperscript{th}International Conference on Management of Emergent Digital EcoSystems (MEDES 2014)}},
  year        = {2014},
  publisher   = {{ACM Press}},
  month       = {9},
  doi         = {10.1145/2668260.2668306},
  url         = {https://hal.archives-ouvertes.fr/hal-01885087},
  address     = {Buraidah, Al Qassim,, Saudi Arabia},
  hal_id      = {hal-01885087},
  hal_version = {v1},
}

@InProceedings{2014-BIR-bertin,
  author      = {Bertin, Marc and Atanassova, Iana},
  title       = {{A study of lexical distribution in citation contexts through the IMRaD standard}},
  booktitle   = {{Proceedings of the 1\textsuperscript{st} Workshop on Bibliometric-enhanced Information Retrieval co-located with 36\textsuperscript{th} European Conference on Information Retrieval (ECIR 2014)}},
  year        = {2014},
  editor      = {CEUR Workshop Proceedings},
  volume      = {1143},
  month       = {4},
  pages       = {5--12},
  url         = {https://hal.archives-ouvertes.fr/hal-01940845},
  address     = {Amsterdam, Netherlands},
  hal_id      = {hal-01940845},
  hal_version = {v1},
  keywords    = {Content Citation Analysis ; Citation Contexts ; Bibliographic References ; IMRaD ; Citation Acts ; Lexical Distribution},
}

@InProceedings{2014-iteration-bertin,
  author       = {Bertin, Marc and Atanassova, Iana and Larivi{\`e}re, Vincent and Gingras, Yves},
  title        = {{The Linguistic Context of Citations}},
  booktitle    = {{10\textsuperscript{th} Iteration (2014): The Future of Science Mapping,'' Places \& Spaces: Mapping Science}},
  year         = {2014},
  organization = {{Katy B{\"o}rner and Samuel Mills}},
  url          = {https://hal.archives-ouvertes.fr/hal-01954672},
  address      = {Indiana, United States},
  hal_id       = {hal-01954672},
  hal_version  = {v1},
}

@InProceedings{2014-ESWC-atanassova,
  author       = {Atanassova, Iana and Bertin, Marc},
  title        = {{Faceted Semantic Search for Scientic Papers}},
  booktitle    = {{Semantic Publishing Challenge co-located with the 11\textsuperscript{th} European Semantic Web Conference ESWC2014}},
  year         = {2014},
  organization = {{European Semantic Web Conference (ESWC)}},
  month        = {5},
  url          = {https://hal.archives-ouvertes.fr/hal-01953993},
  address      = {Anissaras, Greece},
  file         = {eswc2014-challenges_spc_submission_6.pdf:https\://hal.archives-ouvertes.fr/hal-01953993/file/eswc2014-challenges_spc_submission_6.pdf:PDF},
  hal_id       = {hal-01953993},
  hal_version  = {v1},
  keywords     = {Semantic Annotation ; Information Retrieval ; Faceted Search ; Semantic Facets ; Solr},
}

@InProceedings{2014-ESWC-bertin,
  author      = {Bertin, Marc and Atanassova, Iana},
  title       = {{Hybrid Approach for the Semantic Processing of Scientic Papers}},
  booktitle   = {{Semantic Publishing Challenge co-located with 11\textsuperscript{th} European Semantic Web Conference (ESWC2014)}},
  year        = {2014},
  month       = {5},
  url         = {https://hal.archives-ouvertes.fr/hal-01953987},
  address     = {Anissaras, Crete, Greece},
  file        = {eswc2014-challenges_submission_21.pdf:https\://hal.archives-ouvertes.fr/hal-01953987/file/eswc2014-challenges_submission_21.pdf:PDF},
  hal_id      = {hal-01953987},
  hal_version = {v1},
  keywords    = {Semantic Annotation ; Citation Acts ; CRF ; RDF graphs},
}

@InProceedings{2014-ACFAS-LNISC-bertin,
  author      = {Bertin, Marc and Atanassova, Iana},
  title       = {{Fouille textuelle, extraction et cat{\'e}gorisation de contextes de citations pour les articles scientifiques}},
  booktitle   = {{LNISC 2014 Langues Naturelles, Informatique et Sciences Cognitives Colloque 635 - 82\textsuperscript{e} Congr{\`e}s de l'Association francophone pour le savoir (Acfas)}},
  year        = {2014},
  month       = {5},
  url         = {https://hal.archives-ouvertes.fr/hal-01954448},
  address     = {Montr{\'e}al, Canada},
  hal_id      = {hal-01954448},
  hal_version = {v1},
}

@InProceedings{2014-flairs-makkaoui,
	author      = {Makkaoui, Olfa and Descl{\'e}s, Jean-Pierre and Bertin, Marc and Jouis, Christophe and Ganascia, Jean-Gabriel},
	title       = {{Discursive mining viewpoints in building multi-document synthesized sheets}},
	booktitle   = {{27\textsuperscript{th} International Florida Artificial Intelligence Research Society Conference}},
	year        = {2014},
	publisher   = {{AAAI Press}},
	month       = {5},
	url         = {https://hal.archives-ouvertes.fr/hal-01941159},
	address     = {Pensacola Beach, California, United States},
	hal_id      = {hal-01941159},
	hal_version = {v1},
}

%-------2013-------

@InProceedings{2013-ISSI-bertin,
  author      = {Bertin, Marc and Atanassova, Iana and Larivi{\`e}re, Vincent and Gingras, Yves},
  title       = {{The distribution of references in scientific papers: An analysis of the IMRaD structure}},
  booktitle   = {{14\textsuperscript{th} International Conference of the International Society for Scientometrics and Informetrics (ISSI)}},
  year        = {2013},
  volume      = {1},
  month       = {7},
  pages       = {591--603},
  url         = {https://hal.archives-ouvertes.fr/hal-01941188},
  address     = {Vienne, Austria},
  hal_id      = {hal-01941188},
  hal_version = {v1},
}

%-------2012-------

@Article{bertin2012dlibsemantic,
  author   = {Bertin, Marc and Atanassova, Iana},
  title    = {Semantic Enrichment of Scientific Publications and Metadata: Citation Analysis Through Contextual and Cognitive Analysis},
  journal  = {D-Lib Magazine},
  year     = {2012},
  volume   = {18},
  number   = {7/8},
  month    = {7},
  issn     = {1082-9873},
  doi      = {doi:10.1045/july2012-bertin},
  abstract = {The last several years have seen the emergence of digital libraries from which documents are harvested using the OAI-PMH protocol. Considering the volume of data provided by these repositories, we are interested in the exploitation of the full text content of scientific publications. Our aim is to bring new value to scientific publications by automatic extraction and semantic analysis. The identification of bibliographic references in texts makes it possible to localize specific text segments that carry linguistic markers in order to annotate a set of semantic categories related to citations. This work uses a categorization of surface linguistic markers organized in a linguistic ontology. The semantic annotations are used to enrich the document metadata and to provide new types of visualizations in an information retrieval context. We present the system architecture as well as some experimental results},
}

@Article{2012-auf-bertin,
	author       = {Bertin, Marc},
	title        = {Fouille textuelle de corpus francophones : quelles méthodes et quels outils ?},
	journal      = {Le français à l'université},
	journaltitle = {Bulletion de l'Agence universitaire de la Francophonie},
	year         = {2012},
	editor       = {Agence universitaire de la Francophonie},
	number       = {17-04},
	issn         = {1560-5957},
	url          = {http://www.bulletin.auf.org/index.php?id=1427},
}


% To check

@InProceedings{2012-IC2012-bertin,
  author      = {Bertin, Marc and Atanassova, Iana and Descl{\'e}s, Jean-Pierre},
  title       = {{Quelques applications de fouille textuelle d{\'e}di{\'e}es aux articles scientifiques (d{\'e}monstration)}},
  booktitle   = {{23\textsuperscript{es} Journ{\'e}es francophones d'ing{\'e}nierie des connaissances IC2012}},
  year        = {2012},
  month       = {6},
  url         = {https://hal.archives-ouvertes.fr/hal-01954485},
  address     = {Paris, France},
  hal_id      = {hal-01954485},
  hal_version = {v1},
}

% To check

@InProceedings{2012-EGC-bertin,
  author      = {Bertin, Marc and Atanassova, Iana and Descl{\'e}s, Jean-Pierre},
  title       = {{Outils de fouille textuelle {\`a} partir d'annotations s{\'e}mantiques}},
  booktitle   = {{12\textsuperscript{e}Conf{\'e}rence Internationale Francophone sur l'Extraction et la Gestion des Connaissances (EGC)}},
  year        = {2012},
  subtitle    = {Démonstration de logiciels},
  month       = {1},
  url         = {https://hal.archives-ouvertes.fr/hal-01954003},
  address     = {Bordeaux, France},
  file        = {Bertin-DemoEGC.pdf:https\://hal.archives-ouvertes.fr/hal-01954003/file/Bertin-DemoEGC.pdf:PDF},
  hal_id      = {hal-01954003},
  hal_version = {v1},
}

@InProceedings{2012-WOSP-bertin,
  author       = {Bertin, Marc and Atanassova, Iana},
  title        = {{Semantic Enrichment of Scientific Publications and Metadata}},
  booktitle    = {{1\textsuperscript{st} International Workshop on Mining Scientific Publications co-located with ACM/IEEE Joint Conference on Digital Libraries (JCDL2012)}},
  year         = {2012},
  organization = {{Petr Knoth and Zdenek Zdrahal and Andreas Juffinger}},
  month        = {6},
  url          = {https://hal.archives-ouvertes.fr/hal-01954641},
  address      = {Washington DC, United States},
  hal_id       = {hal-01954641},
  hal_version  = {v1},
}

@InProceedings{2012-RISE-atanassova,
  author      = {Atanassova, Iana and Bertin, Marc and Descl{\'e}s, Jean-Pierre},
  title       = {{Ordonnancement des r{\'e}ponses pour une recherche d'information s{\'e}mantique {\`a} partir d'une ontologie discursive}},
  booktitle   = {{Quatri{\`e}me Atelier Recherche d'Information SEmantique (RISE2012) co-located with 12\textsuperscript{e} Conf{\'e}rence Internationale Francophone sur l'Extraction et la Gestion des Connaissances (EGC)}},
  year        = {2012},
  editor      = {Roussey Catherine and Chevallet Jean-Pierre},
  month       = {1},
  url         = {https://hal.archives-ouvertes.fr/hal-01954027},
  address     = {Bordeaux, France},
  file        = {RISE2012.pdf:https\://hal.archives-ouvertes.fr/hal-01954027/file/RISE2012.pdf:PDF},
  hal_id      = {hal-01954027},
  hal_version = {v1},
}

%-------2011-------

@InBook{2011-hermes-fouille,
  author    = {Desclés, Jean-Pierre and Le Priol, Florence and Alrahabi, Motasem and Atanassova, Iana and Bertin, Marc},
  title     = {{Fouille s{\'e}mantique des th{\`e}ses en ligne}},
  booktitle = {Traitement automatique des langues naturelles: de l'analyse à l'application (Cognition et traitement de l'information) Traité RTA},
  year      = {2011},
  editor    = {Biskri, Ismaïl and Jebali, Adel},
  series    = {Cognition et traitement de l'information},
  publisher = {Hermes Science Publications},
  isbn      = {9782746231382},
}

%-------2010-------

@Article{bertin2010definition,
  author  = {Bertin, Marc and Desclés, Jean-Pierre and Taouise Hacène},
  title   = {Comment extraire des définitions des textes.},
  journal = {Publif@rum},
  year    = {2010},
  number  = {11},
  issn    = {1824-7482},
  url     = {https://www.publifarum.farum.it/ezine_articles.php?art_id=133},
}

% To check
@InProceedings{2010-VSST-bertin,
	author      = {Bertin, Marc and Descl{\'e}s, Jean-Pierre},
	title       = {{Vers un traitement s{\'e}mantique des r{\'e}f{\'e}rences bibliographiques : une application d{\'e}di{\'e}e {\`a} la veille technologique et aux outils bibliom{\'e}triques}},
	booktitle   = {Colloque International V.S.S.T.'2010 - Veille Strat{\'e}gique Scientifique et Technologique},
	year        = {2010},
	month       = {10},
	url         = {https://atlas.irit.fr/PIE/VSST/VSST-2010.html},
	address     = {Toulouse, France},
	hal_id      = {hal-01954064},
	hal_version = {v1},
	keywords    = {knowledge management ; knowledge engineering ; knowledge modeling ; information gathering ; bibliometrics ; data mining ; fouille d'information ; bibliom{\'e}trie ; collecte d'informations ; Veille scientifique et technologique ; gestion des connaissances ; management ; m{\'e}moire d'entreprise ; ing{\'e}nierie des connaissances ; mod{\'e}lisation des connaissances ; innovation},
}

@InProceedings{2010-ACFAS-descles,
	author      = {Descl{\'e}s, Jean-Pierre and Le Priol, Florence and Alrahabi, Motasem and Atanassova, Iana and Bertin, Marc},
	title       = {{Fouille s{\'e}mantique des th{\`e}ses en ligne : un projet de Paris-Sorbonne}},
	booktitle   = {{78e Congr{\`e}s de l'Association francophone pour le savoir (Acfas) ''Traitement automatique des langues naturelles, analyses et applications''}},
	year        = {2010},
	month       = {5},
	url         = {https://hal.archives-ouvertes.fr/hal-01954101},
	address     = {Montr{\'e}al, Canada},
	hal_id      = {hal-01954101},
	hal_version = {v1},
	keywords    = {semantic search ; information retrieval ; contextual exploration ; thesis on line ; fouille s{\'e}mantique ; filtrage et recherche d'information ; exploration contextuelle ; th{\`e}se en ligne},
}

@Unpublished{2010-francophonie-descles,
	author = {Bertin, Marc and Desclés, Jean-Pierre},
	title  = {Comment le français peut-il être encore un support efficace de l’innovation scientifique ?},
	year   = {2010},
	url         = {https://hal.archives-ouvertes.fr/hal-01954101},
}

%-------2009-------

@InCollection{2009-Hermes-lepriol,
  author      = {Le Priol, Florence and Bertin, Marc and Blais, Antoine},
  title       = {{Annotation et indexation discursives, quelques r{\'e}alisations}},
  booktitle   = {{Annotations automatiques et recherche d' information}},
  year        = {2009},
  editor      = {Jean-Pierre Descles and Le Priol, Florence},
  series      = {Trait{\'e} IC2, s{\'e}rie Cognition et traitement de l'information},
  publisher   = {{Hermes Science Publications}},
  url         = {https://hal.archives-ouvertes.fr/hal-01941246},
  hal_id      = {hal-01941246},
  hal_version = {v1},
  keywords    = {Sciences cognitives appliqu{\'e}es {\`a} l'informatique ; langage naturel ; ''s{\'e}mantique ; linguistique},
}

@InProceedings{2009-FLAIRS-bertin,
  author       = {Bertin, Marc and Atanassova, Iana and Descl{\'e}s, Jean-Pierre},
  title        = {{Automatic analysis of author judgment in scientific articles based on semantic annotation}},
  booktitle    = {{The 22\textsuperscript{nd} International Florida Artificial Intelligence Research Society Conference, (FLAIRS-22)}},
  year         = {2009},
  organization = {{Florida Artificial Intelligence Research Society}},
  publisher    = {{AAAI Press}},
  month        = {5},
  url          = {https://hal.archives-ouvertes.fr/hal-01885113},
  address      = {Sanibel Island, Florida, United States},
  hal_id       = {hal-01885113},
  hal_version  = {v1},
}

@InProceedings{2009-RANLP-bertin,
  author      = {Bertin, Marc and Atanassova, Iana and Descl{\'e}s, Jean-Pierre},
  title       = {{Extraction of Authors' Definitions using Indexed Reference Identification}},
  booktitle   = {{Proceedings of the 1\textsuperscript{st} Workshop on Definition Extraction co-located with Recent Advances in Natural Language Processing (RANLP-2009)}},
  year        = {2009},
  month       = {9},
  url         = {https://hal.archives-ouvertes.fr/hal-01954118},
  address     = {Borovets, Bulgaria},
  hal_id      = {hal-01954118},
  hal_version = {v1},
  keywords    = {indexed references ; definition extraction ; Semantic annotation},
}

%-------2008-------

@InProceedings{2008-FLAIRS-bertin,
  author      = {Bertin, Marc},
  title       = {{Categorizations and annotations of citation in research evaluation}},
  booktitle   = {{21\textsuperscript{th} International Florida Artificial Intelligence Research Society Conference (FLAIRS-21)}},
  year        = {2008},
  publisher   = {{AAAI Press}},
  month       = {5},
  pages       = {456--461},
  url         = {https://hal.archives-ouvertes.fr/hal-01941200},
  address     = {Coconut Grove, Floride, United States},
  hal_id      = {hal-01941200},
  hal_version = {v1},
}

%-------2007-------

@Article{2007-LCT-hankuk-bertin,
  author  = {Bertin, Marc and Desclés, Jean-Pierre},
  title   = {Que nous apprennent les citations bibliographiques ? Une contribution linguistique à l'évaluation de la production scientifique},
  journal = {Langage, Cognition et Textes},
  year    = {2007},
  volume  = {3},
  pages   = {1--29},
  issn    = {1226-5136},
}

%-------2006-------

%to check

@InProceedings{2006-DH-bertin,
  author      = {Bertin, Marc and Descl{\'e}s, Jean-Pierre and Krushkov, Yordan},
  title       = {{Critique de la bibliom{\'e}trie comme outil d'{\'e}valuation, vers une approche qualitative}},
  booktitle   = {{Digital humanities 2006}},
  year        = {2006},
  month       = {7},
  url         = {https://hal.archives-ouvertes.fr/hal-02125151},
  address     = {Université de la Sorbonne, Paris, France},
  hal_id      = {hal-02125151},
  hal_version = {v1},
}

@InProceedings{2006-CIDE9-bertin,
  author      = {Bertin, Marc and Descl{\'e}s, Jean-Pierre and Djioua, Brahim and Krushkov, Yordan},
  title       = {{Bibliom{\'e}trie et linguistique : {\'E}valuation de la production scientifique et annotation s{\'e}mantique}},
  booktitle   = {{9\textsuperscript{e} Colloque International sur le Document Electronique (CIDE.9) dans le cadre de la Semaine du Document Num{\'e}rique (SDN'06)}},
  year        = {2006},
  editor      = {Khaldoun Zreik and Christine Vanoirbeek},
  publisher   = {{Europia}},
  month       = {9},
  isbn        = {2-909285-31-6},
  url         = {https://hal.archives-ouvertes.fr/hal-01954184},
  address     = {Fribourg, Switzerland},
  file        = {CiDE-09.pdf:https\://hal.archives-ouvertes.fr/hal-01954184/file/CiDE-09.pdf:PDF},
  hal_id      = {hal-01954184},
  hal_version = {v1},
  keywords    = {contextual exploration ; linguistic ; bibliography ; Evaluation ; EXCOM ; exploration contextuelle ; linguistique ; bibliographie},
}

@InProceedings{2006-FLAIRS-bertin,
  author      = {Bertin, Marc and Descl{\'e}s, Jean-Pierre and Djioua, Brahim and Krushkov, Yordan},
  title       = {{Automatic annotation in text for bibliometrics use}},
  booktitle   = {{19\textsuperscript{th} International Florida Artificial Intelligence Research Society Conference (FLAIRS-19)}},
  year        = {2006},
  month       = {5},
  url         = {https://hal.archives-ouvertes.fr/hal-01885175},
  address     = {Melbourne Beach, Florida, United States},
  hal_id      = {hal-01885175},
  hal_version = {v1},
  keywords    = {Natural Language Processing ; Bibliometrics},
}

@InProceedings{2006-ED-bertin,
	author       = {Bertin, Marc and Desclés, Jean-Pierre},
	title        = {Quel rôle pour les références bibliographiques au sein d'EXCOM, plateforme informatique d'annotation sémantique?},
	booktitle    = {Journée Doctorale de l'ED 433 "Concepts et Langages"},
	year         = {2006},
	month        = {10},
	organization = {Université de Paris-Sorbonne - Paris IV},
	pages        = {10},
}

@Misc{dataset-interec,
  author    = {Bertin, Marc and Atanassova, Iana},
  title     = {{InTeReC: In-text Reference Corpus - Single References Dataset (Version 1.0.0) [Data set]}},
  year      = {2018},
  url       = {http://doi.org/10.5281/zenodo.1203737},
  booktitle = {{Zenodo}},
  keywords  = {dataset},
}




@Comment{jabref-meta: databaseType:biblatex;}
